@misc{government of canada,
title={Travel Advice and Advisories for Germany},
url={https://travel.gc.ca/destinations/germany},
journal={Travel.gc.ca},
author={Government of Canada, Global Affairs Canada},
year={2017},
month={May},
}

